@misc{uci-thesis-latex,
  title = {{LaTeX template for thesis and dissertation documents at UC Irvine}},
  author = {Otten, Lars},
  year = 2012,
  howpublished = {\url{https://github.com/lotten/uci-thesis-latex/}}
}
  
@article{baker2012guest,
  title={Guest Editors' Introduction: Studying Professional Software Design},
  author={Baker, Alex and van der Hoek, Alex and Ossher, Harold and Petre, Marian},
  journal={Software, IEEE},
  volume={29},
  number={1},
  pages={28--33},
  year={2012},
  publisher={IEEE}
}

@inproceedings{cherubini2007let,
  title={Let's go to the whiteboard: how and why software developers use drawings},
  author={Cherubini, Mauro and Venolia, Gina and DeLine, Rob and Ko, Andrew J},
  booktitle={Proceedings of the SIGCHI conference on Human factors in computing systems},
  pages={557--566},
  year={2007},
  organization={ACM}
}

@article{dekel2007notation,
  title={Notation and representation in collaborative object-oriented design: an observational study},
  author={Dekel, Uri and Herbsleb, James D},
  journal={ACM SIGPLAN Notices},
  volume={42},
  number={10},
  pages={261--280},
  year={2007},
  publisher={ACM}
}

@article{chen2008sumlow,
  title={SUMLOW: early design-stage sketching of UML diagrams on an E-whiteboard},
  author={Chen, Qi and Grundy, John and Hosking, John},
  journal={Software: Practice and Experience},
  volume={38},
  number={9},
  pages={961--994},
  year={2008},
  publisher={Wiley Online Library}
}

@inproceedings{landay1995interactive,
  title={Interactive sketching for the early stages of user interface design},
  author={Landay, James A and Myers, Brad A},
  booktitle={Proceedings of the SIGCHI conference on Human factors in computing systems},
  pages={43--50},
  year={1995},
  organization={ACM Press/Addison-Wesley Publishing Co.}
}

@inproceedings{hammond2006ladder,
  title={LADDER: A language to describe drawing, display, and editing in sketch recognition},
  author={Hammond, Tracy and Davis, Randall},
  booktitle={ACM SIGGRAPH 2006 Courses},
  pages={27},
  year={2006},
  organization={ACM}
}

@incollection{damm2000supporting,
  title={Supporting several levels of restriction in the UML},
  author={Damm, Christian Heide and Hansen, Klaus Marius and Thomsen, Michael and Tyrsted, Michael},
  booktitle={≪ UML≫ 2000—The Unified Modeling Language},
  pages={396--409},
  year={2000},
  publisher={Springer}
}

@inproceedings{chung2005inkkit,
  title={InkKit: a generic design tool for the tablet PC},
  author={Chung, Ronald and Mirica, Petrut and Plimmer, Beryl},
  booktitle={Proceedings of the 6th ACM SIGCHI New Zealand chapter's international conference on Computer-human interaction: making CHI natural},
  pages={29--30},
  year={2005},
  organization={ACM}
}

@article{stefik1987beyond,
  title={Beyond the chalkboard: computer support for collaboration and problem solving in meetings},
  author={Stefik, Mark and Foster, Gregg and Bobrow, Daniel G and Kahn, Kenneth and Lanning, Stan and Suchman, Lucy},
  journal={Communications of the ACM},
  volume={30},
  number={1},
  pages={32--47},
  year={1987},
  publisher={ACM}
}

@inproceedings{Streitz:1994:DIM:192844.193044,
 author = {Streitz, Norbert A. and Geissler, J\"{o}rg and Haake, J\"{o}rg M. and Hol, Jeroen},
 title = {DOLPHIN: integrated meeting support across local and remote desktop environments and LiveBoards},
 booktitle = {Proceedings of the 1994 ACM conference on Computer supported cooperative work},
 series = {CSCW '94},
 year = {1994},
 isbn = {0-89791-689-1},
 location = {Chapel Hill, North Carolina, USA},
 pages = {345--358},
 numpages = {14},
 url = {http://doi.acm.org/10.1145/192844.193044},
 doi = {10.1145/192844.193044},
 acmid = {193044},
 publisher = {ACM},
 address = {New York, NY, USA},
 keywords = {brainstorming, collaborative writing/drawing, document-based cooperation, electronic meeting rooms, hypermedia, interactive whiteboards, pen-based interaction, planning, shared workspaces},
} 

@article{newman2003denim,
  title={DENIM: An informal web site design tool inspired by observations of practice},
  author={Newman, Mark W and Lin, James and Hong, Jason I and Landay, James A},
  journal={Human-Computer Interaction},
  volume={18},
  number={3},
  pages={259--324},
  year={2003},
  publisher={L. Erlbaum Associates Inc.}
}

@inproceedings{mynatt1999flatland,
  title={Flatland: new dimensions in office whiteboards},
  author={Mynatt, Elizabeth D and Igarashi, Takeo and Edwards, W Keith and LaMarca, Anthony},
  booktitle={Proceedings of the SIGCHI conference on Human factors in computing systems: the CHI is the limit},
  pages={346--353},
  year={1999},
  organization={ACM}
}

@inproceedings{guimbretiere2001fluid,
  title={Fluid interaction with high-resolution wall-size displays},
  author={Guimbreti{\`e}re, Fran{\c{c}}ois and Stone, Maureen and Winograd, Terry},
  booktitle={Proceedings of the 14th annual ACM symposium on User interface software and technology},
  pages={21--30},
  year={2001},
  organization={ACM}
}

@inproceedings{klemmer2001designers,
  title={The designers' outpost: a tangible interface for collaborative web site},
  author={Klemmer, Scott R and Newman, Mark W and Farrell, Ryan and Bilezikjian, Mark and Landay, James A},
  booktitle={Proceedings of the 14th annual ACM symposium on User interface software and technology},
  pages={1--10},
  year={2001},
  organization={ACM}
}

@inproceedings{petre2009insights,
  title={Insights from expert software design practice},
  author={Petre, Marian},
  booktitle={Proceedings of the the 7th joint meeting of the European software engineering conference and the ACM SIGSOFT symposium on The foundations of software engineering},
  pages={233--242},
  year={2009},
  organization={ACM}
}

@inproceedings{damm2000tool,
  title={Tool support for cooperative object-oriented design: gesture based modelling on an electronic whiteboard},
  author={Damm, Christian Heide and Hansen, Klaus Marius and Thomsen, Michael},
  booktitle={Proceedings of the SIGCHI conference on Human factors in computing systems},
  pages={518--525},
  year={2000},
  organization={ACM}
}

@book{cross2007designerly,
  title={Designerly ways of knowing},
  author={Cross, Nigel},
  year={2007},
  publisher={Birkhauser Boston}
}

@article{do1998right,
  title={The Right Tool at the Right Time--Investigation of Freehand Drawing as an Interface to Knowledge Based Design Tools},
  author={Do, Ellen Yi-Luen},
  year={1998},
  publisher={Georgia Institute of Technology}
}

@book{lawson1994design,
  title={Design in mind},
  author={Lawson, Bryan},
  year={1994},
  publisher={Butterworth Architecture London}
}

@book{eugene1992engineering,
  title={Engineering and the Mind's Eye},
  author={Eugene S. Ferguson},
  year={1992},
  publisher={The MIT Press}
}

@article{shipman1999incremental,
  title={Incremental formalization with the hyper-object substrate},
  author={Shipman III, Frank M and McCall, Raymond J},
  journal={ACM Transactions on Information Systems (TOIS)},
  volume={17},
  number={2},
  pages={199--227},
  year={1999},
  publisher={ACM}
}

@inproceedings{virzi1996usability,
  title={Usability problem identification using both low-and high-fidelity prototypes},
  author={Virzi, Robert A and Sokolov, Jeffrey L and Karis, Demetrios},
  booktitle={Proceedings of the SIGCHI Conference on Human Factors in Computing Systems},
  pages={236--243},
  year={1996},
  organization={ACM}
}

@inproceedings{wong1992rough,
  title={Rough and ready prototypes: Lessons from graphic design},
  author={Wong, Yin Yin},
  booktitle={Posters and short talks of the 1992 SIGCHI conference on Human factors in computing systems},
  pages={83--84},
  year={1992},
  organization={ACM}
}

@inproceedings{tversky2002sketches,
  title={What do sketches say about thinking},
  author={Tversky, Barbara},
  booktitle={2002 AAAI Spring Symposium, Sketch Understanding Workshop, Stanford University, AAAI Technical Report SS-02-08},
  pages={148--151},
  year={2002}
}

@inproceedings{ossher12flexible,
  title={Are Flexible Modeling Tools applicable to Software Design Discussions},
  author={Ossher, Harold and John, Bonnie and Desmond, Michael and Bellamy, Rachel},
  booktitle={NSF Sponsored Workshop on Studying Professional Software Design (SPSD)},
  volume={12}
}

@article{ossher2010flexible,
  title={Flexible modeling tools for pre-requirements analysis: conceptual architecture and research challenges},
  author={Ossher, Harold and Bellamy, Rachel and Simmonds, Ian and Amid, David and Anaby-Tavor, Ateret and Callery, Matthew and Desmond, Michael and de Vries, Jacqueline and Fisher, Amit and Krasikov, Sophia},
  journal={ACM Sigplan Notices},
  volume={45},
  number={10},
  pages={848--864},
  year={2010},
  publisher={ACM}
}

@article{mangano2012design,
  title={The design and evaluation of a tool to support software designers at the whiteboard},
  author={Mangano, Nicolas and van der Hoek, Andr{\'e}},
  journal={Automated Software Engineering},
  volume={19},
  number={4},
  pages={381--421},
  year={2012},
  publisher={Springer}
}

@incollection{zannier2007comparing,
  title={Comparing decision making in agile and non-agile software organizations},
  author={Zannier, Carmen and Maurer, Frank},
  booktitle={Agile Processes in Software Engineering and Extreme Programming},
  pages={1--8},
  year={2007},
  publisher={Springer}
}

@inproceedings{myers2008designers,
  title={How designers design and program interactive behaviors},
  author={Myers, Brad and Park, Sun Young and Nakano, Yoko and Mueller, Greg and Ko, Andrew},
  booktitle={Visual Languages and Human-Centric Computing, 2008. VL/HCC 2008. IEEE Symposium on},
  pages={177--184},
  year={2008},
  organization={IEEE}
}

@book{buxton2010sketching,
  title={Sketching User Experiences: Getting the Design Right and the Right Design: Getting the Design Right and the Right Design},
  author={Buxton, Bill},
  year={2010},
  publisher={Morgan Kaufmann}
}

@book{jones1992design,
  title={Design methods},
  author={Jones, John Chris},
  year={1992},
  publisher={John Wiley \& Sons}
}

@incollection{da2001user,
  title={User interface declarative models and development environments: A survey},
  author={Da Silva, Paulo Pinheiro},
  booktitle={Interactive Systems Design, Specification, and Verification},
  pages={207--226},
  year={2001},
  publisher={Springer}
}

@book{van2003design,
  title={The design of sites: patterns, principles, and processes for crafting a customer-centered Web experience},
  author={Van Duyne, Douglas K and Landay, James A and Hong, Jason I},
  year={2003},
  publisher={Addison-Wesley Professional}
}

@article{zannier2007model,
  title={A model of design decision making based on empirical results of interviews with software designers},
  author={Zannier, Carmen and Chiasson, Mike and Maurer, Frank},
  journal={Information and Software Technology},
  volume={49},
  number={6},
  pages={637--653},
  year={2007},
  publisher={Elsevier}
}

@inproceedings{dekel2005supporting,
  title={Supporting distributed software design meetings: what can we learn from co-located meetings?},
  author={Dekel, Uri},
  booktitle={ACM SIGSOFT Software Engineering Notes},
  volume={30},
  number={4},
  pages={1--7},
  year={2005},
  organization={ACM}
}

@article{robbins2000cognitive,
  title={Cognitive support, UML adherence, and XMI interchange in Argo/UML},
  author={Robbins, Jason E. and Redmiles, David F.},
  journal={Information and Software Technology},
  volume={42},
  number={2},
  pages={79--89},
  year={2000},
  publisher={Elsevier}
}

@article{baker2010ideas,
  title={Ideas, subjects, and cycles as lenses for understanding the software design process},
  author={Baker, Alex and van der Hoek, Andr{\'e}},
  journal={Design Studies},
  volume={31},
  number={6},
  pages={590--613},
  year={2010},
  publisher={Elsevier}
}

